@article{bungartz2004,
author = {Bungartz,H.-J. and Griebel,M.},
title = {{Sparse Grids}},
journal = {Acta Numerica},
volume = {13},
number = {-1},
pages = {147-269},
year = {2004},
doi = {10.1017/S0962492904000182},
URL = {http://journals.cambridge.org/action/displayAbstract?fromPage=online&aid=227245&fulltextType=RA&fileId=S0962492904000182},
eprint = {http://journals.cambridge.org/article_S0962492904000182},
}

@article{butnaru2011,
  author    = {D. Butnaru and
               D. Pfl{\"u}ger and
               H.-J. Bungartz},
  title     = {{Towards High-Dimensional Computational Steering of Precomputed
               Simulation Data using Sparse Grids}},
  journal   = {Procedia CS},
  volume    = {4},
  year      = {2011},
  pages     = {56-65},
  ee        = {http://dx.doi.org/10.1016/j.procs.2011.04.007},
  bibsource = {DBLP, http://dblp.uni-trier.de}
}

@inproceedings{murarasu2011,
  author    = {A. F. Murarasu and
               J. Weidendorfer and
               G. Buse and
               D. Butnaru and
               D. Pfl{\"u}ger},
  title     = {{Compact Data Structure and Scalable Algorithms for the Sparse
               Grid Technique}},
  booktitle = {PPOPP},
  year      = {2011},
  pages     = {25-34}
}

@misc{fermi,
	author		= "{NVIDIA}",
    howpublished = {White paper},
	title		= "{NVIDIA's Next Generation CUDA Compute Architecture: Fermi}",
	year		= {2009}
}

@manual{cuda,
	author		= "{NVIDIA}",
	title		= "{CUDA Programming Guide 4.0}",
	year		= {2011}
}

@manual{opencl,
	author		= "{Khronos}",
	title		= "{The OpenCL Specification 1.1}",
	year		= {2010}
}

@manual{openmp,
	title		= "{OpenMP Application Programming Interface}",
	year		= {2008}
}

@inproceedings{augonnet2009,
  author    = {C. Augonnet and
               S. Thibault and
               R. Namyst and
               P.-A. Wacrenier},
  title     = "{StarPU: A Unified Platform for Task Scheduling on Heterogeneous
               Multicore Architectures}",
  booktitle = {Euro-Par},
  year      = {2009},
  pages     = {863-874}
}

@manual{avx,
	author		= "{Intel}",
	title		= "{Intel Advanced Vector Extensions Programming Reference}",
	year		= {2011}
}

@article{klimke2005,
  author    = {A. Klimke and
               B. I. Wohlmuth},
  title     = "{Algorithm 847: Spinterp: Piecewise Multilinear Hierarchical
               Sparse Grid Interpolation in MATLAB}",
  journal   = {ACM Trans. Math. Softw.},
  volume    = {31},
  number    = {4},
  year      = {2005},
  pages     = {561-579},
  ee        = {http://doi.acm.org/10.1145/1114268.1114275},
  bibsource = {DBLP, http://dblp.uni-trier.de}
}

@misc{magma,
	title		= "{MAGMA, Matrix Algebra on GPU and Multicore Architectures}",
	howpublished = "\url{http://icl.cs.utk.edu/magma/index.html}"
}

@book{foster1995,
  title="{Designing and Building Parallel Programs: Concepts and Tools for Parallel Software Engineering}",
  author={Foster, I.},
  isbn={9780201575941},
  lccn={94003661},
  series={Parallel programming / scientific computing},
  url={http://books.google.com/books?id=r5JsQgAACAAJ},
  year={1995},
  publisher={Addison-Wesley}
}

@article{garland2010,
 author = {Garland, M. and Kirk, D. B.},
 title = "{Understanding Throughput-oriented Architectures}",
 journal = {Commun. ACM},
 issue_date = {November 2010},
 volume = {53},
 issue = {11},
 month = {November},
 year = {2010},
 issn = {0001-0782},
 pages = {58--66},
 numpages = {9},
 url = {http://doi.acm.org/10.1145/1839676.1839694},
 doi = {http://doi.acm.org/10.1145/1839676.1839694},
 acmid = {1839694},
 publisher = {ACM},
 address = {New York, NY, USA},
}

@INPROCEEDINGS{dynamic02,
    author = {A. Osman and H. Ammar},
    title = "{Dynamic Load Balancing Strategies for Parallel Computers}",
    booktitle = {ISPDC},
    month = {July},
    year = {2002},
    address = {Romania}
}

